@inproceedings{king-abney:2013,
    author = {King, Ben and Abney, Steven},
    title = {Labeling the Languages of Words in Mixed-Language Documents using Weakly Supervised Methods},
    booktitle = {Proceedings of the 2013 Conference of the North American Chapter of the Association for Computational Linguistics: Human Language Technologies},
    month = {June},
    year = {2013},
    address = {Atlanta, Georgia},
    publisher = {Association for Computational Linguistics},
    pages = {1110--1119},
    url = {http://www.aclweb.org/anthology/N13-1131}
    }
