@inproceedings{abneybird2010,
  title={The {H}uman {L}anguage {P}roject: Building a Universal Corpus of the World's Languages},
  author={Abney, Steven and Bird, Steven},
  booktitle={Proceedings of the 48th Annual Meeting of the Association for Computational Linguistics},
  pages={88--97},
  year={2010},
  organization={Association for Computational Linguistics}
}

