@inproceedings{abney2010universal,
  title={The {H}uman {L}anguage {P}roject: Building a Universal Corpus of the World's Languages},
  author={Abney, Steven and Bird, Steven},
  booktitle={Proceedings of the 48th Annual Meeting of the Association for Computational Linguistics},
  pages={88--97},
  year={2010},
  organization={Association for Computational Linguistics}
}

@inproceedings{abney2011data,
  title={Towards a data model for the {U}niversal {C}orpus},
  author={Abney, Steven and Bird, Steven},
  booktitle={Proceedings of the 4th Workshop on Building and Using Comparable Corpora: Comparable Corpora and the Web},
  pages={120--127},
  year={2011},
  organization={Association for Computational Linguistics}
}

@inproceedings{banko2001scaling,
  title={Scaling to very very large corpora for natural language disambiguation},
  author={Banko, Michele and Brill, Eric},
  booktitle={Proceedings of the 39th Annual Meeting on Association for Computational Linguistics},
  pages={26--33},
  year={2001},
  organization={Association for Computational Linguistics}
}

@article{baroni2009wacky,
  title={The {W}a{C}ky wide web: a collection of very large linguistically processed web-crawled corpora},
  author={Baroni, Marco and Bernardini, Silvia and Ferraresi, Adriano and Zanchetta, Eros},
  journal={Language resources and evaluation},
  volume={43},
  number={3},
  pages={209--226},
  year={2009},
  publisher={Springer}
}

@inproceedings{chung2009token,
  title={Unsupervised tokenization for machine translation},
  author={Chung, Tagyoung and Gildea, Daniel},
  booktitle={Proceedings of the 2009 Conference on Empirical Methods in Natural Language Processing: Volume 2-Volume 2},
  pages={718--726},
  year={2009},
  organization={Association for Computational Linguistics}
}

@inproceedings{ferraresi2008ukwac,
  title={Introducing and evaluating uk{W}a{C}, a very large web-derived corpus of {E}nglish},
  author={Ferraresi, Adriano and Zanchetta, Eros and Baroni, Marco and Bernardini, Silvia},
  booktitle={Proceedings of the 4th Web as Corpus Workshop (WAC-4) Can we beat Google?},
  pages={47--54},
  year={2008}
}

@inproceedings{tiedemann2012opus,
  title={Parallel Data, Tools and Interfaces in {OPUS}.},
  author={Tiedemann, J{\"o}rg},
  booktitle={LREC},
  pages={2214--2218},
  year={2012}
}

@inproceedings{tan2011ntu,
  title={Building and Annotating the Linguistically Diverse {NTU-MC (NTU-M}ultilingual {C}orpus)},
  author={Tan, Liling and Bond, Francis},
  booktitle={PACLIC},
  pages={362--371},
  year={2011}
}

@article{biemann2007leipzig,
  title={The {L}eipzig {C}orpora {C}ollection-monolingual corpora of standard size},
  author={Biemann, Chris and Heyer, Gerhard and Quasthoff, Uwe and Richter, Matthias},
  journal={Proceedings of Corpus Linguistic 2007},
  year={2007}
}

@inproceedings{baroni2004bootcat,
  title={Boot{C}a{T}: Bootstrapping Corpora and Terms from the Web},
  author={Baroni, Marco and Bernardini, Silvia},
  booktitle={LREC},
  year={2004}
}

@article{sharoff2006search,
  title={Creating general-purpose corpora using automated search engine queries},
  author={Sharoff, Serge},
  journal={WaCky},
  pages={63--98},
  year={2006}
}

@inproceedings{scannell2007crubadan,
  title={The {C}r{\'u}bad{\'a}n {P}roject: Corpus building for under-resourced languages},
  author={Scannell, Kevin P},
  booktitle={Building and Exploring Web Corpora: Proceedings of the 3rd Web as Corpus Workshop},
  volume={4},
  pages={5--15},
  year={2007}
}

@inproceedings{brunello2009free,
  title={The creation of free linguistic corpora from the web},
  author={Brunello, Marco},
  booktitle={Web as Corpus Workshop (WAC5)},
  pages={9},
  year={2009}
}

@inproceedings{versley2012quality,
  title={Not just bigger: Towards better-quality {W}eb corpora},
  author={Versley, Yannick and Panchenko, Yana},
  booktitle={Proceedings of the seventh Web as Corpus Workshop (WAC7)},
  pages={44--52},
  year={2012}
}

@inproceedings{dickinson2010korean,
  title={Building a {K}orean web corpus for analyzing learner language},
  author={Dickinson, Markus and Israel, Ross and Lee, Sun-Hee},
  booktitle={Proceedings of the NAACL HLT 2010 Sixth Web as Corpus Workshop},
  pages={8--16},
  year={2010},
  organization={Association for Computational Linguistics}
}

@inproceedings{minocha2013feed,
  title={Feed {C}orpus: An Ever Growing Up-To-Date Corpus},
  author={Minocha, Akshay and Reddy, Siva and Kilgarriff, Adam},
  booktitle={Proceedings of the eighth Web as Corpus Workshop (WAC8)},
  year={2013},
  organization={Association for Computational Linguistics}
}

@inproceedings{schaefer2012cow,
  title={Building Large Corpora from the Web Using a New Efficient Tool Chain.},
  author={Sch{\"a}fer, Roland and Bildhauer, Felix},
  booktitle={LREC},
  pages={486--493},
  year={2012}
}

@inproceedings{tyers2010balkan,
  title={South-{E}ast {E}uropean times: A parallel corpus of {B}alkan languages},
  author={Tyers, Francis M and Alperen, Murat Serdar},
  booktitle={Proceedings of the LREC Workshop on Exploitation of Multilingual Resources and Tools for Central and (South-) Eastern European Languages},
  pages={49--53},
  year={2010}
}

@article{ljubesic2013ner,
  title={Combining Available Datasets for Building Named Entity Recognition Models of {C}roatian and {S}lovene},
  author={Ljube{\v{s}}i{\'c}, Nikola and Stupar, Marija and Juri{\'c}, Tereza and Agi{\'c}, {\v{Z}}eljko},
  journal={Sloven{\v{s}}{\v{c}}ina 2.0: empirical, applied and interdisciplinary research},
  year={2013}
}

@article{haspelmath2011segment,
  title={The indeterminacy of word segmentation and the nature of morphology and syntax},
  author={Haspelmath, Martin},
  journal={Folia Linguistica},
  volume={45},
  number={1},
  pages={31--80},
  year={2011}
}

@inproceedings{lewis2006odin,
  title={{ODIN}: A model for adapting and enriching legacy infrastructure},
  author={Lewis, William D},
  booktitle={e-Science and Grid Computing, 2006. e-Science'06. Second IEEE International Conference on},
  pages={137--137},
  year={2006},
  organization={IEEE}
}

@article{lewis2010odin,
  title={Developing {ODIN}: A Multilingual Repository of Annotated Language Data for Hundreds of the World's Languages},
  author={Lewis, William D and Xia, Fei},
  journal={Literary and Linguistic Computing},
  volume={25},
  number={3},
  pages={303--319},
  year={2010},
  publisher={ALLC}
}

@article{bird2003port,
  title={Seven dimensions of portability for language documentation and description},
  author={Bird, Steven and Simons, Gary},
  journal={Language},
  pages={557--582},
  year={2003},
  publisher={JSTOR}
}

@inproceedings{maxwell2006annotation,
  title={Frontiers in linguistic annotation for lower-density languages},
  author={Maxwell, Mike and Hughes, Baden},
  booktitle={Proceedings of the workshop on frontiers in linguistically annotated corpora 2006},
  pages={29--37},
  year={2006},
  organization={Association for Computational Linguistics}
}

@article{krauss1992crisis,
  title={The world's languages in crisis},
  author={Krauss, Michael},
  journal={Language},
  volume={68},
  number={1},
  pages={4--10},
  year={1992},
  publisher={Linguistic Society of America}
}

@article{krauss2007extinct,
  title={Mass language extinction and documentation: The race against time},
  author={Krauss, Michael E},
  journal={Vanishing Languages of the Pacific Rim. Oxford University Press, Oxford},
  pages={3--24},
  year={2007}
}

@inproceedings{simons2011update,
  title={The world's languages in crisis: A 20-year update},
  author={Simons, Gary F and Lewis, M Paul},
  booktitle={26th Linguistic Symposium: Language Death, Endangerment, Documentation, and Revitalization. University of Wisconsin, Milwaukee},
  pages={20--22},
  year={2011}
}

@article{lewis2010assessing,
  title={Assessing endangerment: expanding Fishmanâ€™s {GIDS}},
  author={Lewis, M Paul and Simons, Gary F},
  journal={Revue roumaine de linguistique},
  volume={2},
  pages={103--119},
  year={2010},
  publisher={Editions de l'Acad{\'e}mie de la R{\'e}publique populaire roumaine}
}

@article{amigo2009metrics,
  title={A comparison of extrinsic clustering evaluation metrics based on formal constraints},
  author={Amig{\'o}, Enrique and Gonzalo, Julio and Artiles, Javier and Verdejo, Felisa},
  journal={Information retrieval},
  volume={12},
  number={4},
  pages={461--486},
  year={2009},
  publisher={Springer}
}

@inproceedings{georgi2010wals,
  title={Comparing language similarity across genetic and typologically-based groupings},
  author={Georgi, Ryan and Xia, Fei and Lewis, William},
  booktitle={Proceedings of the 23rd International Conference on Computational Linguistics},
  pages={385--393},
  year={2010},
  organization={Association for Computational Linguistics}
}

@inproceedings{bird2012preserve,
  title={Machine Translation for Language Preservation},
  author={Bird, Steven and Chiang, David},
  booktitle={Proceedings of COLING 2012: Posters},
  pages={125--134},
  year={2012}
}

@article{palmer2010lilt,
  title = {Computational strategies for reducing annotation effort in language documentation},
  author = {Palmer, Alexis and Moon, Taesun and Baldridge, Jason and Erk, Katrin and Campbell, Eric and Can, Telma},
  journal = {Linguistic Issues in Language Technology},
  volume = {3},
  issue = {4},
  year = {2010}
}


@book{wals,
  publisher = {Max Planck Institute for Evolutionary Anthropology},
  title     = {WALS Online},
  url       = {http://wals.info/},
  address   = {Leipzig},
  editor    = {Matthew S. Dryer and Martin Haspelmath},
  year      = {2013}
}


@inproceedings{yarowsky:ngai:2001,
  author = {David Yarowsky and Grace Ngai},
  title = {Inducing Multilingual POS Taggers and NP Bracketers via Robust Projection Across Aligned Corpora},
  booktitle = {Proceedings of NAACL-2001},
  pages = {200--207},
  year = {2001},
  annote = {*****}
}

@inproceedings{xia2007multilingual,
  title={Multilingual Structural Projection across Interlinear Text.},
  author={Xia, Fei and Lewis, William D},
  booktitle={HLT-NAACL},
  pages={452--459},
  year={2007}
}

@inproceedings{daume2009,
  title={Non-parametric Bayesian areal linguistics},
  author={Daum{\'e} III, Hal},
  booktitle={Proceedings of human language technologies: The 2009 annual conference of the north american chapter of the association for computational linguistics},
  pages={593--601},
  year={2009},
  organization={Association for Computational Linguistics}
}

@article{swadesh1952,
  title={Lexico-statistic dating of prehistoric ethnic contacts: with special reference to North American Indians and Eskimos},
  author={Swadesh, Morris},
  journal={Proceedings of the American philosophical society},
  pages={452--463},
  year={1952},
  publisher={JSTOR}
}

@article{starostin2010,
  title={Preliminary lexicostatistics as a basis for language classification: a new approach},
  author={Starostin, George},
  journal={Journal of Language Relationship},
  volume={3},
  pages={79--117},
  year={2010}
}
